@inproceedings{certiCrypt,
  author = {Barthe, Gilles and Gr\'{e}goire, Benjamin and Zanella B\'{e}guelin, Santiago},
  title = {Formal certification of code-based cryptographic proofs},
  booktitle = {Proceedings of the 36th Annual ACM SIGPLAN-SIGACT Symposium on Principles of Programming Languages},
  series = {POPL '09},
  location = {New York, NY, USA},
  publisher = {Association for Computing Machinery},
  year = {2009},
  pages = {90–101},
  url = {https://doi.org/10.1145/1480881.1480894},
  doi = {10.1145/1480881.1480894},
  langid = {english}
}

@misc{GameB_1,
  author = {Mihir Bellare and Phillip Rogaway},
  title = {Code-Based Game-Playing Proofs and the Security of Triple Encryption},
  howpublished = {Cryptology {ePrint} Archive, Paper 2004/331},
  year = {2004},
  url = {https://eprint.iacr.org/2004/331},
  langid = {english}
}

@online{proVerif,
  author = {Bruno Blanchet},
  title = {Proverif: Cryptographic protocol verifier in the formal model},
  url = {http://www.proverif.ens.fr}, % Dead URL
  urldate = {2012-05-15},
  langid = {english}
}

@misc{kamm12,
  author = {Liina Kamm},
  title = {ProveIt -- How to make proving cryptographic protocols less tedious},
  howpublished = {Talk at the 21st Estonian Computer Science Theory Days at Kubija},
  year = {2012},
  month = {1},
  url = {https://kodu.ut.ee/~varmo/tday-kubija/kamm-slides.pdf},
  urldate = {2012-04-27},
  langid = {english}
}

@misc{GameB_2,
  author = {Victor Shoup},
  title = {Sequences of games: a tool for taming complexity in security proofs},
  howpublished = {Cryptology {ePrint} Archive, Paper 2004/332},
  year = {2004},
  url = {https://eprint.iacr.org/2004/332},
  langid = {english}
}


% Examples from thesis guidelines.

@book{ex5,
  author = {Ain Isotamm},
  title = {Programmeerimiskeeled},
  location = {Tartu},
  publisher = {Tartu Ülikooli Kirjastus},
  year = {2007},
  langid = {estonian}
}

@thesis{ex6,
  author = {Este-Liin Margens},
  title = {Informaatikaõpetajate täiendkoolituse küsitluse ettevalmistamine ja katsetamine},
  institution = {TÜ arvutiteaduse instituut},
  type = {bathesis},
  year = {2015},
  url = {https://comserv.cs.ut.ee/ati_thesis/datasheet.php?id=46781},
  urldate = {2024-10-13},
  langid = {estonian}
}

@incollection{ex7,
  author = {Jüri Engelbrecht},
  title = {Mehaanika --- lõputu hulk uusi probleeme},
  booktitle = {Teadusmõte Eestis: tehnikateadused},
  location = {Tallinn},
  publisher = {Eesti Teaduste Akadeemia},
  year = {2002},
  pages = {21-24},
  langid = {estonian}
}

@article{ex8,
  author = {Heiki-Jaan Kaalep and Mare Koit},
  title = {Kuidas masin tõlgib},
  journal = {Keel ja Kirjandus},
  number = {10},
  year = {2010},
  pages = {726-738},
  langid = {estonian}
}

@incollection{ex9,
  author = {Sirje Virkus},
  title = {Infokirjaoskus ja infokäitumine infouuringute kontekstis: I},
  booktitle = {Infofoorum},
  number = {7},
  year = {2003},
  url = {https://www.tlu.ee/i-foorum/ifoorum7/Artiklid/sirje.htm},
  urldate = {2005-06-20},
  langid = {estonian}
}

@online{ex10,
  label = {Wat},
  title = {IBM Watson},
  url = {http://www.ibm.com/smarterplanet/us/en/ibmwatson}, % Dead URL
  urldate = {2016-08-26},
  langid = {english}
}

@reference{ex11,
  label = {CePA},
  title = {Elektrooniline krüptograafiliste publikatsioonide arhiiv Eprint},
  url = {https://eprint.iacr.org},
  langid = {english}
}

@reference{ex12,
  editor = {Heikki Vallaste},
  title = {e-Teatmik: IT ja sidetehnika seletav sõnaraamat},
  url = {https://www.vallaste.ee},
  langid = {estonian}
}

@online{chatgpt,
  author = {{OpenAI}},
  title = {ChatGPT (version)},
  year = {2022},
  url = {https://chat.openai.com},
  langid = {english}
}

@online{copilot,
  author = {{Microsoft}},
  title = {Microsoft Copilot (version)},
  year = {2024},
  url = {https://copilot.microsoft.com},
  langid = {english}
}
