% This file was created with JabRef 2.7.2.
% Encoding: MacRoman


@INPROCEEDINGS{certiCrypt,
  author = {Gilles Barthe and Benjamin Gr{\'e}goire and Santiago {Zanella B{\'e}guelin}},
  title = {Formal Certification of Code-Based Cryptographic Proofs},
  booktitle = {36th ACM SIGPLAN-SIGACT Symposium on Principles of Programming Languages,
	POPL 2009},
  year = {2009},
  pages = {90--101},
  publisher = {ACM},
  url = {http://dx.doi.org/10.1145/1480881.1480894}
}

@MISC{GameB_1,
  author = {Mihir Bellare and Phillip Rogaway},
  title = {Code-Based Game-Playing Proofs and the Security of Triple Encryption},
  howpublished = {Cryptology ePrint Archive, Report 2004/331},
  year = {2004},
  note = {\url{http://eprint.iacr.org/}}
}

@MISC{proVerif,
  author = {Bruno Blanchet},
  title = {{Proverif: Cryptographic protocol verifier in the formal model}},
  howpublished = {\url{http://www.proverif.ens.fr/}},
  timestamp = {2012.05.15}
}

@MISC{kamm12,
  author = {Liina Kamm},
  title = {{ProveIt -- How to make proving cryptographic protocols less tedious}},
  howpublished = {Talk at the 21st Estonian Computer Science Theory Days at Kubija},
  month = {1},
  year = {2012},
  file = {:/Users/tiina/Desktop/Thesis/Documents/papers/2012-05-tiina-bachelors-thesis/References/kamm-slides.pdf:PDF},
  timestamp = {2012.04.27},
  url = {http://www.cs.ut.ee/~varmo/tday-kubija/kamm-slides.pdf}
}


@MISC{GameB_2,
  author = {Victor Shoup},
  title = {Sequences of games: a tool for taming complexity in security proofs},
  howpublished = {Cryptology ePrint Archive, Report 2004/332},
  year = {2004},
  note = {\url{http://eprint.iacr.org/}}
}

@comment{jabref-meta: selector_review:}

@comment{jabref-meta: selector_publisher:}

@comment{jabref-meta: selector_author:}

@comment{jabref-meta: selector_journal:}

@comment{jabref-meta: selector_keywords:}

@book{ex5,
  author = {Ain Isotamm},
  publisher = {Tartu Ülikooli Kirjastus},
  title = {Programmeerimiskeeled}, % should not be italic?
  year = {2017},
  location = {Tartu},
}

@thesis{ex6,
  % type = {bathesis}, % translate
  author = {E.-L. Margens},
  title = {Informaatikaõpetajate täiendkoolituse küsitluse ettevalmistamine ja katsetamine}, % should not be in quotes?
  year = {2005},
  institution = {TÜ arvutiteaduse instituudi bakalaureusetöö},
  % institution = {TÜ arvutiteaduse instituut},
  url = {https://comserv.cs.ut.ee/ati_thesis/datasheet.php?id=46781&year=2015},
  urldate = {2024-10-13}
}

@incollection{ex7,
  author = {J. Engelbrecht},
  booktitle = {Teadusmõte Eestis: tehnikateadused}, % should not have "In:
  publisher = {Eesti
Teaduste Akadeemia},
  title = {Mehaanika --- lõputu hulk uusi probleeme}, % should not be in quotes?
  year = {2002},
  location = {Tallinn},
  pages = {21-24}, % translate
}

@article{ex8,
  author = {H.-J. Kaalep and M. Koit},
  journal = {Keel ja Kirjandus},
  number = {10},
  title = {Kuidas masin tõlgib},
  year = {2010},
  pages = {726-738},
}

@incollection{ex9,
  author = {S. Virkus},
  booktitle = {Infofoorum},
  publisher = {},
  title = {Infokirjaoskus ja infokäitumine infouuringute kontekstis: I},
  year = {2003},
  url = {http://www.tlu.ee/i-foorum/ifoorum7/Artiklid/sirje.htm},
  urldate = {2005-06-20},
  number = {7}
}

@online{ex10,
  label = {Wat},
  title = {IBM Watson},
  url = {http://www.ibm.com/smarterplanet/us/en/ibmwatson/},
  urldate = {2016-08-26}
}

@reference{ex11,
  label = {CePA},
  title = {Elektrooniline krüptograafiliste publikatsioonide arhiiv Eprint},
  url = {http://eprint.iacr.org/}
}

@reference{ex12,
  editor = {Heikki Vallaste},
  title = {e-Teatmik: IT ja sidetehnika seletav sõnaraamat},
  url = {http://www.vallaste.ee/}
}

@online{chatgpt,
  author = {{OpenAI}},
  title = {ChatGPT (version)},
  url = {https://chat.openai.com/}
}

@online{copilot,
  author = {{Microsoft}},
  title = {Microsoft Copilot (version)},
  url = {https://copilot.microsoft.com/}
}
